@article{Ansolabehere_2006,
	doi = {10.1561/100.00000009},
	url = {https://doi.org/10.1561%2F100.00000009},
	year = 2006,
	month = {oct},
	publisher = {Now Publishers},
	volume = {1},
	number = {4},
	pages = {393--404},
	author = {Stephen Ansolabehere},
	title = {The Orientation of Newspaper Endorsements in U.S. Elections, 1940--2002},
	journal = {Quarterly Journal of Political Science}
}
@ARTICLE{Boettiger_2015,
  AUTHOR = {Boettiger, Carl},
  PUBLISHER = {Association for Computing Machinery ({ACM})},
  URL = {https://doi.org/10.1145%2F2723872.2723882},
  DATE = {2015-01},
  DOI = {10.1145/2723872.2723882},
  JOURNALTITLE = {{ACM} {SIGOPS} Operating Systems Review},
  NUMBER = {1},
  PAGES = {71--79},
  TITLE = {An introduction to Docker for reproducible research},
  VOLUME = {49},
}

@ONLINE{breaking_point,
  AUTHOR = {{GOP Trust PAC}},
  URL = {https://www.youtube.com/watch?v=vSD9v8K1_5s},
  DATE = {2010},
  JOURNALTITLE = {Youtube},
  TITLE = {Breaking Point: Part II},
  URLDATE = {2020-04-20},
}
@ONLINE{Burke_2018,
  AUTHOR = {Burke, Timothy},
  URL = {https://deadspin.com/how-i-made-a-dumb-video-making-fun-of-sinclair-broadcas-1825106452},
  DATE = {2018},
  JOURNALTITLE = {Deadspin},
  TITLE = {How I Made A Dumb Video Making Fun Of Sinclair Broadcasting And Somehow Started A Media War},
  URLDATE = {2020-03-23},
}
@ARTICLE{Chae_2015,
  AUTHOR = {Chae, David H. and Clouston, Sean and Hatzenbuehler, Mark L. and Kramer, Michael R. and Cooper, Hannah L. F. and Wilson, Sacoby M. and Stephens-Davidowitz, Seth I. and Gold, Robert S. and Link, Bruce G.},
  EDITOR = {Zeeb, Hajo},
  PUBLISHER = {Public Library of Science ({PLoS})},
  URL = {https://doi.org/10.1371%2Fjournal.pone.0122963},
  DATE = {2015-04},
  DOI = {10.1371/journal.pone.0122963},
  JOURNALTITLE = {{PLOS} {ONE}},
  NUMBER = {4},
  PAGES = {e0122963},
  TITLE = {Association between an Internet-Based Measure of Area Racism and Black Mortality},
  VOLUME = {10},
}

@ARTICLE{Chae_2018,
  AUTHOR = {Chae, David H. and Clouston, Sean and Martz, Connor D. and Hatzenbuehler, Mark L. and Cooper, Hannah L.F. and Turpin, Rodman and Stephens-Davidowitz, Seth and Kramer, Michael R.},
  PUBLISHER = {Elsevier {BV}},
  URL = {https://doi.org/10.1016%2Fj.socscimed.2017.04.019},
  DATE = {2018-02},
  DOI = {10.1016/j.socscimed.2017.04.019},
  JOURNALTITLE = {Social Science {\&} Medicine},
  PAGES = {49--55},
  TITLE = {Area racism and birth outcomes among Blacks in the United States},
  VOLUME = {199},
}

@ONLINE{Cohen_2018,
  AUTHOR = {Cohen, Stephen},
  URL = {https://www.seattlepi.com/seattlenews/article/KOMO-fake-news-Sinclair-promos-12792032.php},
  DATE = {2018},
  JOURNALTITLE = {Seattle Pi},
  TITLE = {KOMO attacks 'biased and false news' in Sinclair-written promos},
  URLDATE = {2020-03-23},
}

@article{Connor_2019,
	doi = {10.1177/0956797618815441},
	url = {https://doi.org/10.1177%2F0956797618815441},
	year = 2019,
	month = {jan},
	publisher = {{SAGE} Publications},
	volume = {30},
	number = {2},
	pages = {205--222},
	author = {Paul Connor and Vasilis Sarafidis and Michael J. Zyphur and Dacher Keltner and Serena Chen},
	title = {Income Inequality and White-on-Black Racial Bias in the United States: Evidence From Project Implicit and Google Trends},
	journal = {Psychological Science}
}
@article{DellaVigna_2007,
	doi = {10.1162/qjec.122.3.1187},
	url = {https://doi.org/10.1162%2Fqjec.122.3.1187},
	year = 2007,
	month = {aug},
	publisher = {Oxford University Press ({OUP})},
	volume = {122},
	number = {3},
	pages = {1187--1234},
	author = {S. DellaVigna and E. Kaplan},
	title = {The Fox News Effect: Media Bias and Voting},
	journal = {The Quarterly Journal of Economics}
}
@ARTICLE{docker,
  AUTHOR = {Merkel, Dirk},
  DATE = {2014},
  JOURNALTITLE = {Linux journal},
  NUMBER = {239},
  PAGES = {2},
  TITLE = {Docker: lightweight linux containers for consistent development and deployment},
  VOLUME = {2014},
}

@ARTICLE{Eubank_2016,
  AUTHOR = {Eubank, Nicholas},
  PUBLISHER = {Cambridge University Press ({CUP})},
  URL = {https://doi.org/10.1017%2Fs1049096516000196},
  DATE = {2016-04},
  DOI = {10.1017/s1049096516000196},
  JOURNALTITLE = {{PS}: Political Science {\&} Politics},
  NUMBER = {02},
  PAGES = {273--276},
  TITLE = {Lessons from a Decade of Replications at the Quarterly Journal of Political Science},
  VOLUME = {49},
}

@article{Gentzkow_2006,
	doi = {10.1162/qjec.121.3.931},
	url = {https://doi.org/10.1162%2Fqjec.121.3.931},
	year = {2006},
	month = {aug},
	publisher = {Oxford University Press ({OUP})},
	volume = {121},
	number = {3},
	pages = {931--972},
	author = {Matthew Gentzkow},
	title = {Television and Voter Turnout},
	journal = {Quarterly Journal of Economics}
}
@article{Gentzkow_2011,
	doi = {10.1257/aer.101.7.2980},
	url = {https://doi.org/10.1257%2Faer.101.7.2980},
	year = {2011},
	month = {dec},
	publisher = {American Economic Association},
	volume = {101},
	number = {7},
	pages = {2980--3018},
	author = {Matthew Gentzkow and Jesse M Shapiro and Michael Sinkinson},
	title = {The Effect of Newspaper Entry and Exit on Electoral Politics},
	journal = {American Economic Review}
}
@data{Guarv_2016,
author = {Sood, Gaurav},
publisher = {Harvard Dataverse},
title = {{Geographic Information on Designated Media Markets}},
UNF = {UNF:6:8VqPFA41wQ44EMejZv/RWA==},
year = {2016},
version = {V9},
doi = {10.7910/DVN/IVXEHT},
url = {https://doi.org/10.7910/DVN/IVXEHT}
}
@Online{Hill_2015,
	 author = {Andrew Hill},
	 year = {2015},
	 title = {DMA Boundaries},
	 journal = {Carto.com},
	 url = {https://team.carto.com/u/andrew/tables/dma_boundary/public},
	 urldate = {2021-3-24}
}
@misc{iat_2021,
  title={Project Implicit Demo Website Datasets},
  url={osf.io/y9hiq},
  DOI={10.17605/OSF.IO/Y9HIQ},
  publisher={OSF},
  author={Xu, Kaiyuan and Nosek, Brian A and Greenwald, Anthony G and Ratliff, Kate A and Bar-Anan, Yoav and Umansky, Emily and Banaji, Mahzarin R and Lofaro, Nicole and Smith, Colin and Axt, Jordan and et al.},
  year={2021},
  month={Jan}
}
@ONLINE{iat_web,
  AUTHOR = {Xu, Kaiyuan and Nosek, Brian A and Greenwald, Anthony G and Ratliff, Kate A and Bar-Anan, Yoav and Umansky, Emily and Banaji, Mahzarin R and Lofaro, Nicole and Smith, Colin and Axt, Jordan and et al.},
  URL = {https://implicit.harvard.edu/implicit/iatdetails.html},
  DATE = {2020},
  JOURNALTITLE = {Project Implicit},
  TITLE = {Project Implicit: About the IAT},
  URLDATE = {2021-02-18},
}
@ARTICLE{Isoya_2021,
  AUTHOR = {Isoya, Hidehito and Yamada, Hiroyuki},
  PUBLISHER = {Elsevier {BV}},
  URL = {https://doi.org/10.1016%2Fj.socscimed.2021.113776},
  DATE = {2021-03},
  DOI = {10.1016/j.socscimed.2021.113776},
  JOURNALTITLE = {Social Science {\&} Medicine},
  PAGES = {113776},
  TITLE = {Hidden internet-based measure of discrimination and mental health of Black people},
  VOLUME = {273},
}

@ONLINE{Jurkowitz_2020,
  AUTHOR = {Mark Jurkowitz, Amy Mitchell, Elisa Shearer and Walker, Mason},
  PUBLISHER = {Pew Research Centre: Journalism and Media},
  URL = {https://www.journalism.org/2020/01/24/u-s-media-polarization-and-the-2020-election-a-nation-divided/},
  DATE = {2020-01},
  TITLE = {U.S. Media Polarization and the 2020 Election: A Nation Divided},
}

@article{Kim_2003,
	doi = {10.2307/3090143},
	url = {https://doi.org/10.2307%2F3090143},
	year = 2003,
	month = {mar},
	publisher = {{SAGE} Publications},
	volume = {66},
	number = {1},
	pages = {83},
	author = {Do-Yeong Kim},
	title = {Voluntary Controllability of the Implicit Association Test ({IAT})},
	journal = {Social Psychology Quarterly}
}
@INCOLLECTION{knitr,
  AUTHOR = {Xie, Yihui},
  EDITOR = {Stodden, Victoria and Leisch, Friedrich and Peng, Roger D.},
  PUBLISHER = {Chapman and Hall/CRC},
  URL = {http://www.crcpress.com/product/isbn/9781466561595},
  BOOKTITLE = {Implementing Reproducible Computational Research},
  DATE = {2014},
  NOTE = {ISBN 978-1466561595},
  TITLE = {knitr: A Comprehensive Tool for Reproducible Research in {R}},
}

@article{Krumpal_2011,
	doi = {10.1007/s11135-011-9640-9},
	url = {https://doi.org/10.1007%2Fs11135-011-9640-9},
	year = 2011,
	month = {nov},
	publisher = {Springer Science and Business Media {LLC}},
	volume = {47},
	number = {4},
	pages = {2025--2047},
	author = {Ivar Krumpal},
	title = {Determinants of social desirability bias in sensitive surveys: a literature review},
	journal = {Quality {\&} Quantity}
}
@article{Kuklinski_1997,
 ISSN = {00223816, 14682508},
 URL = {http://www.jstor.org/stable/2998167},
 author = {James H. Kuklinski and Michael D. Cobb and Martin Gilens},
 journal = {The Journal of Politics},
 number = {2},
 pages = {323--349},
 publisher = {[University of Chicago Press, Southern Political Science Association]},
 title = {Racial Attitudes and the "New South"},
 volume = {59},
 year = {1997}
}
@article{Ladd_2009,
	doi = {10.1111/j.1540-5907.2009.00377.x},
	url = {https://doi.org/10.1111%2Fj.1540-5907.2009.00377.x},
	year = 2009,
	month = {apr},
	publisher = {Wiley},
	volume = {53},
	number = {2},
	pages = {394--410},
	author = {Jonathan McDonald Ladd and Gabriel S. Lenz},
	title = {Exploiting a Rare Communication Shift to Document the Persuasive Power of the News Media},
	journal = {American Journal of Political Science}
}
@ARTICLE{Martin_2019,
  AUTHOR = {Martin, Gregory J. and McCrain, Joshua},
  PUBLISHER = {Cambridge University Press ({CUP})},
  URL = {https://doi.org/10.1017%2Fs0003055418000965},
  DATE = {2019-02},
  DOI = {10.1017/s0003055418000965},
  JOURNALTITLE = {American Political Science Review},
  NUMBER = {2},
  PAGES = {372--384},
  TITLE = {Local News and National Politics},
  VOLUME = {113},
}

@ARTICLE{Miho_2018,
  AUTHOR = {Miho, Antonela},
  PUBLISHER = {Elsevier {BV}},
  URL = {https://doi.org/10.2139%2Fssrn.3266755},
  DATE = {2018},
  DOI = {10.2139/ssrn.3266755},
  JOURNALTITLE = {{SSRN} Electronic Journal},
  TITLE = {Small screen, big echo? Estimating the political persuasion of local television news bias using the Sinclair Broadcasting Group as a natural experiment},
}

@article{Miho_2018,
	doi = {10.2139/ssrn.3266755},
	url = {https://doi.org/10.2139%2Fssrn.3266755},
	year = 2018,
	publisher = {Elsevier {BV}},
	author = {Antonela Miho},
	title = {Small screen, big echo? Estimating the political persuasion of local television news bias using the Sinclair Broadcasting Group as a natural experiment},
	journal = {{SSRN} Electronic Journal}
}
@article{Morris_2005,
	doi = {10.1177/1081180x05279264},
	url = {https://doi.org/10.1177%2F1081180x05279264},
	year = 2005,
	month = {jul},
	publisher = {{SAGE} Publications},
	volume = {10},
	number = {3},
	pages = {56--79},
	author = {Jonathan S. Morris},
	title = {The Fox News Factor},
	journal = {Harvard International Journal of Press/Politics}
}
@article{Mullainathan_2005,
	doi = {10.1257/0002828054825619},
	url = {https://doi.org/10.1257%2F0002828054825619},
	year = 2005,
	month = {aug},
	publisher = {American Economic Association},
	volume = {95},
	number = {4},
	pages = {1031--1053},
	author = {Sendhil Mullainathan and Andrei Shleifer},
	title = {The Market for News},
	journal = {American Economic Review}
}
@ARTICLE{N_st_2020,
  AUTHOR = {Nüst, Daniel and Sochat, Vanessa and Marwick, Ben and Eglen, Stephen J. and Head, Tim and Hirst, Tony and Evans, Benjamin D.},
  EDITOR = {Markel, Scott},
  PUBLISHER = {Public Library of Science ({PLoS})},
  URL = {https://doi.org/10.1371%2Fjournal.pcbi.1008316},
  DATE = {2020-11},
  DOI = {10.1371/journal.pcbi.1008316},
  JOURNALTITLE = {{PLOS} Computational Biology},
  NUMBER = {11},
  PAGES = {e1008316},
  TITLE = {Ten simple rules for writing Dockerfiles for reproducible data science},
  VOLUME = {16},
}

@ARTICLE{Nuijten_2015,
  AUTHOR = {Nuijten, Michèle B. and Hartgerink, Chris H. J. and van Assen, Marcel A. L. M. and Epskamp, Sacha and Wicherts, Jelte M.},
  PUBLISHER = {Springer Science and Business Media {LLC}},
  URL = {https://doi.org/10.3758%2Fs13428-015-0664-2},
  DATE = {2015-10},
  DOI = {10.3758/s13428-015-0664-2},
  JOURNALTITLE = {Behavior Research Methods},
  NUMBER = {4},
  PAGES = {1205--1226},
  TITLE = {The prevalence of statistical reporting errors in psychology (1985{–}2013)},
  VOLUME = {48},
}

@ARTICLE{Nuijten_2020,
  AUTHOR = {Nuijten, Michèle B. and Polanin, Joshua R.},
  PUBLISHER = {Wiley},
  URL = {https://doi.org/10.1002%2Fjrsm.1408},
  DATE = {2020-04},
  DOI = {10.1002/jrsm.1408},
  JOURNALTITLE = {Research Synthesis Methods},
  TITLE = {{“} statcheck {”}: Automatically detect statistical reporting inconsistencies to increase reproducibility of meta-analyses},
}

@ONLINE{Pleat_2020_a,
  AUTHOR = {Pleat, Zachary},
  URL = {https://www.mediamatters.org/black-lives-matter/these-seven-national-sinclair-broadcast-news-segments-floyd-protests-didnt},
  DATE = {2020},
  JOURNALTITLE = {Media Matters},
  TITLE = {These seven national Sinclair Broadcast news segments on the Floyd protests didn’t mention police violence against protesters},
}

@ONLINE{Pleat_2020_b,
  AUTHOR = {Pleat, Zachary and Savillo, Rob},
  URL = {https://www.mediamatters.org/black-lives-matter/sinclair-reporters-pushed-debunked-myths-national-segments-police-violence},
  DATE = {2020},
  JOURNALTITLE = {Media Matters},
  TITLE = {Sinclair reporters pushed debunked myths in national segments on police violence against Black Americans},
}

@ONLINE{Pleat_2020_c,
  AUTHOR = {Pleat, Zachary},
  URL = {https://www.mediamatters.org/sinclair-broadcast-group/sinclair-program-suggests-vigilantes-are-needed-segment-promoted-warnings},
  DATE = {2020},
  JOURNALTITLE = {Media Matters},
  TITLE = {https://www.mediamatters.org/sinclair-broadcast-group/sinclair-program-suggests-vigilantes-are-needed-segment-promoted-warnings},
}

@BOOK{Python,
  AUTHOR = {Van Rossum, Guido and Drake, Fred L.},
  LOCATION = {Scotts Valley, CA},
  PUBLISHER = {CreateSpace},
  DATE = {2009},
  ISBN = {1441412697},
  TITLE = {Python 3 Reference Manual},
}

@Online{Scherer_2018,
	 author = {Dana A. Scherer},
	 year = {2018},
	 title = {Federal Communications Commission (FCC)Media Ownership Rules},
	 journal = {Congressional Research Service},
	 url = {https://fas.org/sgp/crs/misc/R45338.pdf},
	 urldate = {2021-4-16}
}
@ARTICLE{Stephens_Davidowitz_2014,
  AUTHOR = {Stephens-Davidowitz, Seth},
  PUBLISHER = {Elsevier {BV}},
  URL = {https://doi.org/10.1016%2Fj.jpubeco.2014.04.010},
  DATE = {2014-10},
  DOI = {10.1016/j.jpubeco.2014.04.010},
  JOURNALTITLE = {Journal of Public Economics},
  PAGES = {26--40},
  TITLE = {The cost of racial animus on a black candidate: Evidence using Google search data},
  VOLUME = {118},
}

@ARTICLE{testthat,
  AUTHOR = {Wickham, Hadley},
  URL = {https://journal.r-project.org/archive/2011-1/RJournal_2011-1_Wickham.pdf},
  DATE = {2011},
  JOURNALTITLE = {The R Journal},
  PAGES = {5--10},
  TITLE = {testthat: Get Started with Testing},
  VOLUME = {3},
}

@ARTICLE{Wetts_2018,
  AUTHOR = {Wetts, Rachel and Willer, Robb},
  PUBLISHER = {Oxford University Press ({OUP})},
  URL = {https://doi.org/10.1093%2Fsf%2Fsoy046},
  DATE = {2018-05},
  DOI = {10.1093/sf/soy046},
  JOURNALTITLE = {Social Forces},
  NUMBER = {2},
  PAGES = {793--822},
  TITLE = {Privilege on the Precipice: Perceived Racial Status Threats Lead White Americans to Oppose Welfare Programs},
  VOLUME = {97},
}

@ARTICLE{Willer_2016,
  AUTHOR = {Willer, Robb and Feinberg, Matthew and Wetts, Rachel},
  PUBLISHER = {Elsevier {BV}},
  URL = {https://doi.org/10.2139%2Fssrn.2770186},
  DATE = {2016},
  DOI = {10.2139/ssrn.2770186},
  JOURNALTITLE = {{SSRN} Electronic Journal},
  TITLE = {Threats to Racial Status Promote Tea Party Support Among White Americans},
}
@article{Engelhardt_2019,
	doi = {10.1080/21565503.2019.1674672},
	url = {https://doi.org/10.1080%2F21565503.2019.1674672},
	year = 2019,
	month = {oct},
	publisher = {Informa {UK} Limited},
	pages = {1--20},
	author = {Andrew M. Engelhardt},
	title = {The content of their coverage: contrasting racially conservative and liberal elite rhetoric},
	journal = {Politics, Groups, and Identities}
}
